@online{ReactJSFoundation2025,
  author       = {ReactJS Foundation},
  title        = {React Documentation},
  year         = {2025},
  url          = {https://reactjs.org/docs/getting-started.html},
  keywords     = {react, frontend, library}
}

@online{VercelIncNextJS2025,
  author       = {Vercel Inc.},
  title        = {Next.js Documentation},
  year         = {2025},
  url          = {https://nextjs.org/docs},
  keywords     = {nextjs, framework, ssg, ssr}
}

@online{AuthJsTeam2025,
  author       = {Auth.js Team},
  title        = {Auth.js Documentation},
  year         = {2025},
  url          = {https://authjs.dev},
  keywords     = {authentication, jwt, next-auth}
}

@online{ReduxToolkitContributors2024,
  author       = {Redux Toolkit Contributors},
  title        = {@reduxjs/toolkit Documentation},
  year         = {2024},
  url          = {https://redux-toolkit.js.org},
  keywords     = {redux, state-management}
}

@online{SocketIOContributors2024,
  author       = {Socket.IO Contributors},
  title        = {Socket.IO Client Guide},
  year         = {2024},
  url          = {https://socket.io/docs/v4/client-api/},
  keywords     = {websocket, realtime, socket.io}
}

@online{AxiosContributors2024,
  author       = {Axios Contributors},
  title        = {Axios HTTP Client Guide},
  year         = {2024},
  url          = {https://axios-http.com/docs/intro},
  keywords     = {http, client, axios}
}

@online{date-fns2023,
  author       = {date-fns Authors},
  title        = {date-fns Documentation},
  year         = {2023},
  url          = {https://date-fns.org/docs/Getting-Started},
  keywords     = {date, utilities, javascript}
}

@online{EmojiMartContributors2023,
  author       = {Emoji Mart Contributors},
  title        = {emoji-mart Documentation},
  year         = {2023},
  url          = {https://github.com/missive/emoji-mart},
  keywords     = {emoji, picker}
}

@online{RobinHerbotsIMask2023,
  author       = {Robin Herbots},
  title        = {imask Documentation},
  year         = {2023},
  url          = {https://imask.js.org},
  keywords     = {input-mask, forms}
}

@online{IndicatorTeam2023,
  author       = {Indicator Team},
  title        = {indicator-ui Documentation},
  year         = {2023},
  url          = {https://github.com/indicator-ui/indicator-ui},
  keywords     = {ui, components}
}

@online{UUIDContributors2024,
  author       = {UUID Contributors},
  title        = {uuid Documentation},
  year         = {2024},
  url          = {https://github.com/uuidjs/uuid},
  keywords     = {uuid, identifier}
}

@online{JestContributors2024,
  author       = {Jest Contributors},
  title        = {Jest Testing Framework},
  year         = {2024},
  url          = {https://jestjs.io/docs/getting-started},
  keywords     = {testing, javascript}
}

@online{TypeScriptMicrosoft2024,
  author       = {Microsoft},
  title        = {TypeScript Language Documentation},
  year         = {2024},
  url          = {https://www.typescriptlang.org/docs/},
  keywords     = {typescript, typing}
}

@online{ESLintProject2023,
  author       = {ESLint Project},
  title        = {ESLint User Guide},
  year         = {2023},
  url          = {https://eslint.org/docs/user-guide/getting-started},
  keywords     = {lint, javascript}
}

@online{PrettierTeam2023,
  author       = {Prettier Community},
  title        = {Prettier Code Formatter},
  year         = {2023},
  url          = {https://prettier.io/docs/en/index.html},
  keywords     = {formatter, code-style}
}

@online{TsNodeContributors2024,
  author       = {ts-node Contributors},
  title        = {ts-node Documentation},
  year         = {2024},
  url          = {https://typestrong.org/ts-node/},
  keywords     = {typescript, node}
}

@online{TsJestContributors2024,
  author       = {ts-jest Contributors},
  title        = {ts-jest Documentation},
  year         = {2024},
  url          = {https://kulshekhar.github.io/ts-jest/},
  keywords     = {typescript, jest}
}